@ARTICLE{oconnor:13,
   author = {{O'Connor}, E. and {Ott}, C.~D.},
    title = "{The Progenitor Dependence of the Pre-explosion Neutrino Emission in Core-collapse Supernovae}",
  journal = {\apj},
archivePrefix = "arXiv",
   eprint = {1207.1100},
 primaryClass = "astro-ph.HE",
 keywords = {equation of state, hydrodynamics, neutrinos, stars: evolution, stars: neutron, supernovae: general},
     year = 2013,
   volume = 762,
      eid = {126},
    pages = {126},
      doi = {10.1088/0004-637X/762/2/126},
   adsurl = {http://adsabs.harvard.edu/abs/2013ApJ...762..126O},
}

Query Results from the ADS Database


Retrieved 1 abstracts, starting with number 1.  Total number selected: 1.

@ARTICLE{2013PhRvD..88l4027L,
   author = {{Le Tiec}, A. and {Buonanno}, A. and {Mrou{\'e}}, A.~H. and 
	{Pfeiffer}, H.~P. and {Hemberger}, D.~A. and {Lovelace}, G. and 
	{Kidder}, L.~E. and {Scheel}, M.~A. and {Szil{\'a}gyi}, B. and 
	{Taylor}, N.~W. and {Teukolsky}, S.~A.},
    title = "{Periastron advance in spinning black hole binaries: Gravitational self-force from numerical relativity}",
  journal = {\prd},
archivePrefix = "arXiv",
   eprint = {1309.0541},
 primaryClass = "gr-qc",
 keywords = {Numerical relativity, Numerical studies of black holes and black-hole binaries, Post-Newtonian approximation, perturbation theory, related approximations, Gravitational waves: theory},
     year = 2013,
    month = dec,
   volume = 88,
   number = 12,
      eid = {124027},
    pages = {124027},
      doi = {10.1103/PhysRevD.88.124027},
   adsurl = {http://adsabs.harvard.edu/abs/2013PhRvD..88l4027L},
  adsnote = {Provided by the SAO/NASA Astrophysics Data System}
}

